
@book{griffiths_introduction_2018,
	edition = {3},
	title = {Introduction to Quantum Mechanics},
	publisher = {Cambridge University Press},
	author = {Griffiths, David J. and Schroeter, Darrell F.},
	date = {2018},
	doi = {10.1017/9781316995433},
}


@online{noauthor_whatCal_nodate,
	title = {What Is Superposition and Why Is It Important?},
	url = {http://scienceexchange.caltech.edu/topics/quantum-science-explained/quantum-superposition},
	abstract = {One of the fundamental principles of quantum mechanics, superposition explains how a quantum state can be represented as the sum of two or more states.},
	titleaddon = {Caltech Science Exchange},
	urldate = {2023-01-16},
	langid = {english},
	file = {Snapshot:C\:\\Users\\mondo\\Zotero\\storage\\DYP7UCK5\\quantum-superposition.html:text/html},
}


@book{bransden_quantum_2000,
	title = {Quantum Mechanics},
	isbn = {978-0-582-35691-7},
	url = {https://books.google.co.uk/books?id=e57kxQEACAAJ},
	publisher = {Prentice Hall},
	author = {Bransden, B.H. and Joachain, C.J.},
	date = {2000},
	lccn = {99055742},
}
