@online{uthor_discovery_nodate,
	title = {Discovery of {Nucleus} - {Rutherford}’ s model, {Bohr}’ s model},
	url = {http://www.brainkart.com/article/Discovery-of-Nucleus_35807/},
	urldate = {2022-02-17},
	journal = {BrainKart},
	file = {Snapshot:/home/honza/Zotero/storage/K37TLHE4/Discovery-of-Nucleus_35807.html:text/html},
}

