@article{Kok:2005jip,
    author = "Kok, Pieter and Munro, W. J. and Nemoto, Kae and Ralph, T. C. and Dowling, Jonathan P. and Milburn, G. J.",
    title = "{Linear optical quantum computing with photonic qubits}",
    eprint = "quant-ph/0512071",
    archivePrefix = "arXiv",
    doi = "10.1103/RevModPhys.79.135",
    journal = "Rev. Mod. Phys.",
    volume = "79",
    pages = "135--174",
    year = "2007"
}

 @book{nielsen_chuang_2010, place={Cambridge}, title={Quantum Computation and Quantum Information: 10th anniversary ed}, publisher={Cambridge University Press}, author={Nielsen, Michael A. and Chuang, Isaac L.}, year={2010}} 

