@online{noauthor_what_nodate,
	title = {What is Quantum Computing? {\textbar} {IBM}},
	url = {https://www.ibm.com/topics/quantum-computing},
	shorttitle = {What is Quantum Computing?},
	abstract = {Learn more about quantum computing, a rapidly-emerging technology that harnesses the laws of quantum mechanics to solve problems too complex for classical computers.},
	urldate = {2022-11-16},
	langid = {english},
}

@article{gibney_hello_2019,
	title = {Hello quantum world! Google publishes landmark quantum supremacy claim},
	volume = {574},
	rights = {2021 Nature},
	url = {https://www.nature.com/articles/d41586-019-03213-z},
	doi = {10.1038/d41586-019-03213-z},
	abstract = {The company says that its quantum computer is the first to perform a calculation that would be practically impossible for a classical machine.},
	pages = {461--462},
	number = {7779},
	journaltitle = {Nature},
	author = {Gibney, Elizabeth},
	urldate = {2022-11-15},
	date = {2019-10-23},
	langid = {english},
	note = {Bandiera\_abtest: a
Cg\_type: News
Number: 7779
Publisher: Nature Publishing Group
Subject\_term: Quantum physics, Computer science},
	keywords = {Computer science, Quantum physics},
	file = {Full Text PDF:C\:\\Users\\mondo\\Zotero\\storage\\TQGPSD8U\\Gibney - 2019 - Hello quantum world! Google publishes landmark qua.pdf:application/pdf;Snapshot:C\:\\Users\\mondo\\Zotero\\storage\\QJELL4ER\\d41586-019-03213-z.html:text/html},
}